%YAML 1.1
%TAG !u! tag:unity3d.com,2011:
--- !u!1 &996895526824188658
GameObject:
  m_ObjectHideFlags: 0
  m_CorrespondingSourceObject: {fileID: 0}
  m_PrefabInstance: {fileID: 0}
  m_PrefabAsset: {fileID: 0}
  serializedVersion: 6
  m_Component:
  - component: {fileID: 996895526824675026}
  - component: {fileID: 996895526827574964}
  - component: {fileID: 996895526824286805}
  - component: {fileID: 996895526826444148}
  - component: {fileID: 996895526824287050}
  - component: {fileID: 82705492623354876}
  m_Layer: 11
  m_Name: laser_emitter
  m_TagString: Untagged
  m_Icon: {fileID: 0}
  m_NavMeshLayer: 0
  m_StaticEditorFlags: 0
  m_IsActive: 1
--- !u!4 &996895526824675026
Transform:
  m_ObjectHideFlags: 0
  m_CorrespondingSourceObject: {fileID: 0}
  m_PrefabInstance: {fileID: 0}
  m_PrefabAsset: {fileID: 0}
  m_GameObject: {fileID: 996895526824188658}
  m_LocalRotation: {x: 0.7071068, y: -0.00000013767877, z: -0.70710677, w: -0.00000013767878}
  m_LocalPosition: {x: -0, y: 2.9802322e-10, z: 0}
  m_LocalScale: {x: 1, y: 1, z: 1}
  m_Children: []
  m_Father: {fileID: 0}
  m_RootOrder: 0
  m_LocalEulerAnglesHint: {x: 0, y: 0, z: 0}
--- !u!33 &996895526827574964
MeshFilter:
  m_ObjectHideFlags: 0
  m_CorrespondingSourceObject: {fileID: 0}
  m_PrefabInstance: {fileID: 0}
  m_PrefabAsset: {fileID: 0}
  m_GameObject: {fileID: 996895526824188658}
  m_Mesh: {fileID: 4300168, guid: 128785580dfb9d14cac387578d85c846, type: 3}
--- !u!114 &996895526824286805
MonoBehaviour:
  m_ObjectHideFlags: 0
  m_CorrespondingSourceObject: {fileID: 0}
  m_PrefabInstance: {fileID: 0}
  m_PrefabAsset: {fileID: 0}
  m_GameObject: {fileID: 996895526824188658}
  m_Enabled: 1
  m_EditorHideFlags: 0
  m_Script: {fileID: 11500000, guid: d0c174bf3a468b448bc14d648030e296, type: 3}
  m_Name: 
  m_EditorClassIdentifier: 
  isEnabled: 1
  skipWarmUp: 0
  mask:
    serializedVersion: 2
    m_Bits: 87607
  playerOnlyMask:
    serializedVersion: 2
    m_Bits: 1024
  laserMeshPrefab: {fileID: 4614458769407323042, guid: d9e9317919b6c4b41a1d42e1ccd0a9cc,
    type: 3}
  childLaserPrefab: {fileID: 2692305186640574613, guid: aefac69ddc836014b9564edce623a53d,
    type: 3}
  childIndex: 0
  warmupMat: {fileID: 2100000, guid: fd489355a3a2ee64291dac38f367bce5, type: 2}
  laserMat: {fileID: 2100000, guid: 7e77d639d3c7c7241811ca16570fad97, type: 2}
  killMat: {fileID: 2100000, guid: 860e4c1353b792149ac6efef18fe4a31, type: 2}
  sizzleSound: {fileID: 1465628458400882, guid: ce96f2c3251250749b9bc8f06bebe20a,
    type: 3}
  smokeEffect: {fileID: 1465628458400882, guid: e0329461b0899eb429607dcdf3ba7a77,
    type: 3}
  fireEffect: {fileID: 7892293240321047074, guid: 0a2dc41ec9391ae428148fa29b9c8a5e,
    type: 3}
  laserHitsHead: {fileID: 8300000, guid: e0c098b75c124194fb6a0402cc125fec, type: 3}
--- !u!23 &996895526826444148
MeshRenderer:
  m_ObjectHideFlags: 0
  m_CorrespondingSourceObject: {fileID: 0}
  m_PrefabInstance: {fileID: 0}
  m_PrefabAsset: {fileID: 0}
  m_GameObject: {fileID: 996895526824188658}
  m_Enabled: 1
  m_CastShadows: 0
  m_ReceiveShadows: 0
  m_DynamicOccludee: 1
  m_MotionVectors: 1
  m_LightProbeUsage: 1
  m_ReflectionProbeUsage: 1
  m_RayTracingMode: 2
  m_RenderingLayerMask: 1
  m_RendererPriority: 0
  m_Materials:
  - {fileID: 2100000, guid: 3abf61f0d894a03448c845c0eaa04742, type: 2}
  m_StaticBatchInfo:
    firstSubMesh: 0
    subMeshCount: 0
  m_StaticBatchRoot: {fileID: 0}
  m_ProbeAnchor: {fileID: 0}
  m_LightProbeVolumeOverride: {fileID: 0}
  m_ScaleInLightmap: 1
  m_ReceiveGI: 1
  m_PreserveUVs: 0
  m_IgnoreNormalsForChartDetection: 0
  m_ImportantGI: 0
  m_StitchLightmapSeams: 0
  m_SelectedEditorRenderState: 3
  m_MinimumChartSize: 4
  m_AutoUVMaxDistance: 0.5
  m_AutoUVMaxAngle: 89
  m_LightmapParameters: {fileID: 0}
  m_SortingLayerID: 0
  m_SortingLayer: 0
  m_SortingOrder: 0
--- !u!136 &996895526824287050
CapsuleCollider:
  m_ObjectHideFlags: 0
  m_CorrespondingSourceObject: {fileID: 0}
  m_PrefabInstance: {fileID: 0}
  m_PrefabAsset: {fileID: 0}
  m_GameObject: {fileID: 996895526824188658}
  m_Material: {fileID: 0}
  m_IsTrigger: 1
  m_Enabled: 1
  m_Radius: 0.0005
  m_Height: 0.05
  m_Direction: 2
  m_Center: {x: 6.3729534e-12, y: 9.313226e-10, z: 0.000106920364}
--- !u!82 &82705492623354876
AudioSource:
  m_ObjectHideFlags: 0
  m_CorrespondingSourceObject: {fileID: 0}
  m_PrefabInstance: {fileID: 0}
  m_PrefabAsset: {fileID: 0}
  m_GameObject: {fileID: 996895526824188658}
  m_Enabled: 1
  serializedVersion: 4
  OutputAudioMixerGroup: {fileID: 0}
  m_audioClip: {fileID: 8300000, guid: a15ee3a3b07a0ba48b110c20dcf7bbed, type: 3}
  m_PlayOnAwake: 0
  m_Volume: 1
  m_Pitch: 1
  Loop: 0
  Mute: 0
  Spatialize: 0
  SpatializePostEffects: 0
  Priority: 128
  DopplerLevel: 1
  MinDistance: 0.3
  MaxDistance: 6
  Pan2D: 0
  rolloffMode: 0
  BypassEffects: 0
  BypassListenerEffects: 0
  BypassReverbZones: 0
  rolloffCustomCurve:
    serializedVersion: 2
    m_Curve:
    - serializedVersion: 3
      time: 0
      value: 1
      inSlope: 0
      outSlope: 0
      tangentMode: 0
      weightedMode: 0
      inWeight: 0.33333334
      outWeight: 0.33333334
    - serializedVersion: 3
      time: 1
      value: 0
      inSlope: 0
      outSlope: 0
      tangentMode: 0
      weightedMode: 0
      inWeight: 0.33333334
      outWeight: 0.33333334
    m_PreInfinity: 2
    m_PostInfinity: 2
    m_RotationOrder: 4
  panLevelCustomCurve:
    serializedVersion: 2
    m_Curve:
    - serializedVersion: 3
      time: 0
      value: 1
      inSlope: 0
      outSlope: 0
      tangentMode: 0
      weightedMode: 0
      inWeight: 0.33333334
      outWeight: 0.33333334
    m_PreInfinity: 2
    m_PostInfinity: 2
    m_RotationOrder: 4
  spreadCustomCurve:
    serializedVersion: 2
    m_Curve:
    - serializedVersion: 3
      time: 0
      value: 0
      inSlope: 0
      outSlope: 0
      tangentMode: 0
      weightedMode: 0
      inWeight: 0.33333334
      outWeight: 0.33333334
    m_PreInfinity: 2
    m_PostInfinity: 2
    m_RotationOrder: 4
  reverbZoneMixCustomCurve:
    serializedVersion: 2
    m_Curve:
    - serializedVersion: 3
      time: 0
      value: 1
      inSlope: 0
      outSlope: 0
      tangentMode: 0
      weightedMode: 0
      inWeight: 0.33333334
      outWeight: 0.33333334
    m_PreInfinity: 2
    m_PostInfinity: 2
    m_RotationOrder: 4
